@book { [B-P],
	short = "B-P",
	title = "Analyse",
	subtitle = "Théorie de l'intégration",
	edition = "7",
	author = "Marc Briane and Gilles Pages",
	publisher = "De Boeck Supérieur",
	date = "2018-01-16",
	categories = "analysis",
	isbn13 = "978-2807317888",
	isbn10 = "2807317888",
	buy = "https://url.skyost.eu/agreg-bp",
	url = "https://www.deboecksuperieur.com/ouvrage/9782807317888-analyse-theorie-de-l-integration",
	comment = "Livre très complet et pointu sur tout ce qui touche à l'intégration, le livre de Marc Briane et Gilles Pages est une référence parmi les agrégatifs."
}
