@book { [DEM],
	short = "DEM",
	title = "Analyse numérique et équations différentielles",
	edition = "4",
	author = "Jean-Pierre Demailly",
	publisher = "EDP Sciences",
	date = "2016-05-11",
	categories = "analysis",
	isbn13 = "978-2759819264",
	isbn10 = "2759819264",
	buy = "https://url.skyost.eu/agreg-dem",
	url = "http://www.grenoble-sciences.fr/pap-ebook/demailly/",
	comment = "Pas forcément indispensable, ce livre peut néanmoins rendre de fiers services dans les leçons d'équations différentielles et d'analyse numérique. Très jolie présentation et très agréable à lire par ailleurs.",
	altcover = "https://www.grenoble-sciences.fr/sites/demailly/themes/ujf_gs_pap_ebook_demailly/internals/images/book.jpg"
}
