@book { [GOU20],
	short = "GOU20",
	title = "Les maths en tête",
	subtitle = "Analyse",
	edition = "3",
	author = "Xavier Gourdon",
	publisher = "Ellipses",
	date = "2020-04-21",
	categories = "analysis",
	isbn13 = "978-2340038561",
	isbn10 = "2340038561",
	buy = "https://url.skyost.eu/agreg-gou20",
	url = "https://www.editions-ellipses.fr/accueil/10446-les-maths-en-tete-analyse-3e-edition-9782340038561.html",
	comment = "Tout simplement incontournable. Ce livre est l'outil de base à utiliser pour construire vos plans de leçons ``type prépa''. Il contient également bon nombre d'exercices, ainsi que des cours relativement complets sur des notions assez avancées (espaces de Hilbert, théorème de Baire, ...)."
}
