@book { [I-P],
	short = "I-P",
	title = "L'oral à l'agrégation de mathématiques",
	subtitle = "Une sélection de développements",
	author = "Lucas Isenmann and Timothée Pecatte",
	publisher = "Ellipses",
	date = "2019-10-29",
	categories = "algebra, analysis",
	isbn13 = "978-2340035279",
	isbn10 = "2340035279",
	buy = "https://url.skyost.eu/agreg-ip",
	url = "https://www.editions-ellipses.fr/accueil/248-10521-l-oral-a-l-agregation-de-mathematiques-une-selection-de-developpements-9782340035270.html",
	comment = "Une véritable référence pour trouver des développements originaux, intègralement écrit par les fondateurs du site agreg-maths.fr. Attention, il contient quelques petites coquilles qui n'ont pas (encore) été corrigées ; rien de très gênant pour le lecteur attentif cependant. Attention, ce livre est interdit aux oraux depuis 2023."
}
