@book { [POM],
	short = "POM",
	title = "Cours d'analyse",
	subtitle = "Agrégation de mathématiques",
	author = "Alain Pommelet",
	publisher = "Ellipses",
	date = "1994-02-15",
	categories = "analysis",
	isbn13 = "978-2729894160",
	isbn10 = "2729894160",
	buy = "https://url.skyost.eu/agreg-pom",
	url = "https://www.eyrolles.com/Sciences/Livre/cours-d-analyse-agregation-de-mathematiques-9782729894160/",
	comment = "Je n'utilise pas beaucoup cette référence personnellement, mais elle a pour avantage de contenir les deux théorèmes de Cauchy-Lipschitz (local et linéaire).",
	altcover = "https://servimg.eyrolles.com/static/media/4160/9782729894160_internet_w290.jpg"
}
