@book { [QUE17],
	short = "QUE17",
	title = "Analyse complexe et applications",
	subtitle = "Nouveau tirage",
	author = "Martine Quefféllec and Hervé Queffélec",
	publisher = "Calvage \& Mounet",
	date = "2017-05-13",
	categories = "analysis",
	isbn13 = "978-2916352596",
	isbn10 = "2916352597",
	buy = "https://url.skyost.eu/agreg-que17",
	url = "http://www.calvage-et-mounet.fr/2022/05/09/analyse-complexe-et-applications/",
	comment = "Ouvrage d'analyse complexe très bien présenté et très agréable à lire. Je recommande, même s'il peut être un peu compliquer parfois (à ne pas découvrir le jour de l'oral donc).",
	altcover = "http://www.calvage-et-mounet.fr/wp-content/uploads/2022/05/verso2-2.jpg"
}
