@book { [QUE20],
	short = "QUE20",
	title = "Topologie",
	subtitle = "Cours et exercices corrigés",
	edition = "6",
	author = "Hervé Queffélec",
	publisher = "Dunod",
	date = "2020-08-26",
	categories = "analysis",
	isbn13 = "978-2100811786",
	isbn10 = "2100811789",
	buy = "https://url.skyost.eu/agreg-que20",
	url = "https://www.dunod.com/sciences-techniques/topologie-cours-et-exercices-corriges-1",
	comment = "Ce livre n'est pas forcément indispensable à mon goût, mais il s'avère très utile pour remplir les leçons de topologie. Bien que très complet, il est un peu compliqué par rapport à d'autres références du genre."
}
