@book { [ROM19],
	short = "ROM19",
	title = "Éléments d'analyse réelle",
	edition = "2",
	author = "Jean-Étienne Rombaldi",
	publisher = "EDP Sciences",
	date = "2019-06-06",
	categories = "analysis",
	isbn13 = "978-2759823393",
	isbn10 = "2759823393",
	buy = "https://url.skyost.eu/agreg-rom19",
	url = "https://laboutique.edpsciences.fr/produit/1082/9782759823789/elements-d-analyse-reelle",
	comment = "Un livre franchement utile pour remplir les leçons d'analyse réelle."
}
