@book { [RUD],
	short = "RUD",
	title = "Analyse réelle et complexe",
	subtitle = "Cours et exercices",
	edition = "3",
	author = "Walter Rudin",
	publisher = "Dunod",
	date = "2020-10-21",
	categories = "analysis",
	isbn13 = "978-2100534475",
	isbn10 = "2100534475",
	buy = "https://url.skyost.eu/agreg-rud",
	url = "https://www.dunod.com/sciences-techniques/analyse-reelle-et-complexe-cours-et-exercices-0",
	comment = "Ce n'est pas un livre que j'utilise beaucoup personnellement, mais j'en ai souvent entendu parler au cours de discussions entre agrégatifs. C'est par ailleurs (il me semble) la seule référence qui contient le théorème de Bohr-Mollerup."
}
