@book { [SER],
	short = "SER",
	title = "Représentations linéaires des groupes finis",
	edition = "5",
	author = "Jean-Pierre Serre",
	publisher = "Hermann",
	date = "1998-06-04",
	categories = "algebra",
	isbn13 = "978-2705663525",
	isbn10 = "2705663525",
	buy = "https://url.skyost.eu/agreg-ser",
	url = "https://www.editions-hermann.fr/livre/9782705663520",
	comment = "Véritable référence en ce qui concerne la théorie des représentations linéaires, écrite par Jean-Pierre Serre (lauréat de la médaille Fields en 1954 ainsi que du prix Abel en 2003, notamment). Je ne peux que recommander car certains passages du livres peuvent se placer dans pas mal de leçons différentes."
}
