@book { [Z-Q],
	short = "Z-Q",
	title = "Analyse pour l'agrégation",
	subtitle = "Agrégation/Master Mathématiques",
	edition = "4",
	author = "Claude Zuily and Hervé Queffélec",
	publisher = "Dunod",
	date = "2013-09-25",
	categories = "analysis",
	isbn13 = "978-2100700936",
	isbn10 = "2100700936",
	buy = "https://url.skyost.eu/agreg-zq",
	url = "https://www.dunod.com/prepas-concours/analyse-pour-agregation-agregationmaster-mathematiques",
	comment = "Je passerai le contenu du livre tellement de notions y sont abordées, mais il est franchement très utile dans beaucoup de leçons d'analyse. Attention cependant : il est parfois compliqué, et certaines preuves ne sont pas détaillées. Je recommande l'édition 4 par rapport à l'édition 5 car cette dernière comporte une table des matières non mise à jour, ce qui peut faire perdre un temps précieux le jour de l'épreuve."
}
